@article{liang2022understanding,
  title={{Understanding the research advances on lumpy skin disease: A comprehensive literature review of experimental evidence}},
  author={Liang, Zhengji and Yao, Kaishen and Wang, Shasha and Yin, Juanbin and Ma, Xiaoqin and Yin, Xiangping and Wang, Xiangwei and Sun, Yuefeng},
  journal={Frontiers in Microbiology},
  volume={13},
  year={2022},
  publisher={Frontiers Media SA}
}
@article{tulman2001genome,
  title={{Genome of Lumpy Skin Disease Virus}},
  author={Tulman, E and Afonso, C and Lu, Z and Zsak, L and Kutish, G and Rock, D},
  journal={Journal of virology},
  volume={75},
  number={15},
  pages={7122--7130},
  year={2001},
  publisher={Am Soc Microbiol}
}
@article{brown2006recent,
  title={{Recent epidemiology and ecology of influenza A viruses in avian species in Europe and the Middle East}},
  author={Brown, I and Banks, J and Manvell, RJ and Essen, S and Shell, W and Slomka, M and Londt, B and Alexander, DJ},
  journal={Developments in biologicals},
  volume={124},
  pages={45--50},
  year={2006}
}
@article{bayry2013emerging,
  title={{Emerging viral diseases of livestock in the developing world}},
  author={Bayry, Jagadeesh},
  journal={Indian Journal of Virology},
  volume={24},
  number={3},
  pages={291--294},
  year={2013},
  publisher={Springer}
}
@article{daniels2023health,
  title={{The health of influenza surveillance and pandemic preparedness in the wake of the COVID-19 pandemic}},
  author={Daniels, Rodney Stuart and McCauley, John William},
  journal={Journal of General Virology},
  volume={104},
  number={2},
  pages={001822},
  year={2023},
  publisher={Microbiology Society}
}
@article{10.1093/nar/gkac247,
  title = {The {Galaxy} platform for accessible, reproducible and collaborative biomedical analyses: 2022 update},
  author = "{The Galaxy Community}",
  journal = {Nucleic Acids Res.},
  doi = {10.1093/nar/gkac247},
  volume = {50},
  number = {W1},
  pages = {W345-W351},
  year = {2022},
  url = {https://doi.org/10.1093/nar/gkac247},
  publisher = {Oxford University Press}
}
@article{o2017dockstore,
  title={{The Dockstore: enabling modular, community-focused sharing of Docker-based genomics tools and workflows}},
  author={O'Connor, Brian D and Yuen, Denis and Chung, Vincent and Duncan, Andrew G and Liu, Xiang Kun and Patricia, Janice and Paten, Benedict and Stein, Lincoln and Ferretti, Vincent},
  journal={F1000Research},
  volume={6},
  year={2017},
  publisher={Faculty of 1000 Ltd}
}
@article{goble2021implementing,
  title={{Implementing FAIR Digital Objects in the EOSC-Life Workflow Collaboratory}},
  author={Goble, Carole and Soiland-Reyes, Stian and Bacall, Finn and Owen, Stuart and Williams, Alan and Eguinoa, Ignacio and Droesbeke, Bert and Leo, Simone and Pireddu, Luca and Rodr{\'\i}guez-Navas, Laura and others},
  journal={Zenodo},
  year={2021},
  publisher={CERN}
}
@article{walker2019changes,
  title={{Changes to virus taxonomy and the International Code of Virus Classification and Nomenclature ratified by the International Committee on Taxonomy of Viruses (2019)}},
  author={Walker, Peter J and Siddell, Stuart G and Lefkowitz, Elliot J and Mushegian, Arcady R and Dempsey, Donald M and Dutilh, Bas E and Harrach, Bal{\'a}zs and Harrison, Robert L and Hendrickson, R Curtis and Junglen, Sandra and others},
  journal={Archives of virology},
  volume={164},
  number={9},
  pages={2417--2429},
  year={2019},
  publisher={Springer}
}
@misc{livestock2019,
  author       = "{Ministry of Fisheries, Animal Husbandry \& Dairying}",
  howpublished = {https://pib.gov.in/PressReleaseIframePage.aspx?PRID=1813802},
  title        = {{Livestock Census}},
  year         = {2022}
}
@book{steinfeld2006livestock,
  title={{Livestock's Long Shadow: Environmental Issues and Options}},
  author={Steinfeld, Henning and Gerber, Pierre and Wassenaar, Tom D and Castel, Vincent and Rosales, Mauricio and Rosales, Mauricio and de Haan, Cees},
  year={2006},
  publisher={Food \& Agriculture Org.}
}
@article{jones2008global,
  title={{Global trends in emerging infectious diseases}},
  author={Jones, Kate E and Patel, Nikkita G and Levy, Marc A and Storeygard, Adam and Balk, Deborah and Gittleman, John L and Daszak, Peter},
  journal={Nature},
  volume={451},
  number={7181},
  pages={990--993},
  year={2008},
  publisher={Nature Publishing Group}
}
@article{wu2020new,
  title={{A new coronavirus associated with human respiratory disease in China}},
  author={Wu, Fan and Zhao, Su and Yu, Bin and Chen, Yan-Mei and Wang, Wen and Song, Zhi-Gang and Hu, Yi and Tao, Zhao-Wu and Tian, Jun-Hua and Pei, Yuan-Yuan and others},
  journal={Nature},
  volume={579},
  number={7798},
  pages={265--269},
  year={2020},
  publisher={Nature Publishing Group}
}
@misc{covid,
  author       = "{World Health Organization (WHO)}",
  howpublished = {https://www.who.int/publications/m/item/weekly-epidemiological-update-on-covid-19---22-february-2023},
  title        = {Weekly epidemiological update on COVID-19},
  year         = {2023}
}
@misc{who2020zoon,
  author       = "{World Health Organization (WHO)}",
  howpublished = {https://www.who.int/news-room/fact-sheets/detail/zoonoses},
  title        = {Zoonoses},
  year         = {2020}
}
@article{garten2009antigenic,
  title={{Antigenic and Genetic Characteristics of Swine-Origin 2009 A(H1N1) Influenza Viruses Circulating in Humans}},
  author={Garten, Rebecca J and Davis, C Todd and Russell, Colin A and Shu, Bo and Lindstrom, Stephen and Balish, Amanda and Sessions, Wendy M and Xu, Xiyan and Skepner, Eugene and Deyde, Varough and others},
  journal={science},
  volume={325},
  number={5937},
  pages={197--201},
  year={2009},
  publisher={American Association for the Advancement of Science}
}
@article{eccles2002explanation,
  title={{An Explanation for the Seasonality of Acute Upper Respiratory Tract Viral Infections}},
  author={Eccles, Ronald},
  journal={Acta oto-laryngologica},
  volume={122},
  number={2},
  pages={183--191},
  year={2002},
  publisher={Taylor \& Francis}
}
@misc{woah2023list,
  author = "{World Organisation for Animal Health}",
  howpublished = {https://www.woah.org/en/what-we-do/animal-health-and-welfare/animal-diseases/},
  title = {{Animal Diseases}},
  year = {2023}
}
@article{world2017global,
  title={{Global vector control response 2017-2030}},
  author="{World Health Organization}",
  journal={Global vector control response 2017-2030},
  year={2017},
  publisher={World Health Organization}
}
@misc{centers8zoonotic,
  title={{Zoonotic Diseases Shared Between Animals and People of Most Concern in the US CDC Newsroom}},
  author="{Centers for Disease Control and Prevention}",
  year={8}
}

@article{lee2017evolution,
  title={{Evolution, global spread, and pathogenicity of highly pathogenic avian influenza H5Nx clade 2.3. 4.4}},
  author={Lee, Dong-Hun and Bertran, Kateri and Kwon, Jung-Hoon and Swayne, David E},
  journal={Journal of veterinary science},
  volume={18},
  number={S1},
  pages={269--280},
  year={2017},
  publisher={The Korean Society of Veterinary Science}
}

@article{webster1992evolution,
  title={{Evolution and Ecology of Influenza A Viruses}},
  author={Webster, Robert G and Bean, William J and Gorman, Owen T and Chambers, Thomas M and Kawaoka, Yoshihiro},
  journal={Microbiological reviews},
  volume={56},
  number={1},
  pages={152--179},
  year={1992},
  publisher={Am Soc Microbiol}
}

@article{lee2016highly,
  title={{Highly Pathogenic Avian Influenza Viruses and Generation of Novel Reassortants, United States, 2014â€“2015}},
  author={Lee, Dong-Hun and Bahl, Justin and Torchetti, Mia Kim and Killian, Mary Lea and Ip, Hon S and DeLiberto, Thomas J and Swayne, David E},
  journal={Emerging infectious diseases},
  volume={22},
  number={7},
  pages={1283},
  year={2016},
  publisher={Centers for Disease Control and Prevention}
}

@article{lewis2021emergence,
  title={{Emergence and spread of novel H5N8, H5N5 and H5N1 clade 2.3. 4.4 highly pathogenic avian influenza in 2020}},
  author={Lewis, Nicola S and Banyard, Ashley C and Whittard, Elliot and Karibayev, Talgat and Al Kafagi, Thamer and Chvala, Ilya and Byrne, Alex and Meruyert, Saduakassova and King, Jacqueline and Harder, Timm and others},
  journal={Emerging Microbes \& Infections},
  volume={10},
  number={1},
  pages={148--151},
  year={2021},
  publisher={Taylor \& Francis}
}

@article{authority2023avian,
  title={{Avian influenza overview September-December 2022}},
  author={Adlhoch, Cornelia and Fusaro, Alice and Gonzales, Jos{\'e} L and Kuiken, Thijs and Marangon, Stefano and Niqueux, {\'E}ric and Staubach, Christoph and Terregino, Calogero and Aznar, Inma and others},
  journal={EFSA journal. European Food Safety Authority},
  volume={21},
  number={1},
  pages={e07786},
  year={2023}
}
@article{lacroix2014non,
  title={Non-random biodiversity loss underlies predictable increases in viral disease prevalence},
  author={Lacroix, Christelle and Jolles, Anna and Seabloom, Eric W and Power, Alison G and Mitchell, Charles E and Borer, Elizabeth T},
  journal={Journal of the Royal Society Interface},
  volume={11},
  number={92},
  pages={20130947},
  year={2014},
  publisher={The Royal Society}
}

@article{morand2020emerging,
  title={Emerging diseases, livestock expansion and biodiversity loss are positively related at global scale},
  author={Morand, Serge},
  journal={Biological Conservation},
  volume={248},
  pages={108707},
  year={2020},
  publisher={Elsevier}
}

@article{reid2010global,
  title={{Global Livestock Impacts on Biodiversity}},
  author={Reid, Robin S and Bedelian, Claire and Said, Mohammed Y and Kruska, Russell L and Mauricio, Rogerio M and Castel, Vincent and Olson, Jennifer and Thornton, Philip K},
  journal={Livestock in a Changing Landscape. Drivers, Consequences, and Responses; Steinfeld, H., Mooney, HA, Schneider, F., Neville, LE, Eds},
  pages={111--138},
  year={2010}
}

@article{civitello2015biodiversity,
  title={{Biodiversity inhibits parasites: Broad evidence for the dilution effect}},
  author={Civitello, David J and Cohen, Jeremy and Fatima, Hiba and Halstead, Neal T and Liriano, Josue and McMahon, Taegan A and Ortega, C Nicole and Sauer, Erin Louise and Sehgal, Tanya and Young, Suzanne and others},
  journal={Proceedings of the National Academy of Sciences},
  volume={112},
  number={28},
  pages={8667--8671},
  year={2015},
  publisher={National Acad Sciences}
}

@article{espinosa2020infectious,
  title={{Infectious Diseases and Meat Production}},
  author={Espinosa, Romain and Tago, Damian and Treich, Nicolas},
  journal={Environmental and Resource Economics},
  volume={76},
  number={4},
  pages={1019--1044},
  year={2020},
  publisher={Springer}
}

@incollection{fenner2017maclachlan,
title = {{Chapter 6 - Epidemiology and Control of Viral Diseases}},
editor = {N. James MacLachlan and Edward J. Dubovi},
booktitle = {Fenner's Veterinary Virology (Fifth Edition)},
publisher = {Academic Press},
edition = {Fifth Edition},
address = {Boston},
pages = {131-153},
year = {2017},
isbn = {978-0-12-800946-8},
doi = {https://doi.org/10.1016/B978-0-12-800946-8.00006-4},
url = {https://www.sciencedirect.com/science/article/pii/B9780128009468000064},
}

@article{who2017one,
  title={{One Health}},
  author="{WHO, OIE}",
  journal={World Health Organization},
  volume={736},
  year={2017}
}
@article{suminda2022high,
  title={High-throughput sequencing technologies in the detection of livestock pathogens, diagnosis, and zoonotic surveillance},
  author={Suminda, Godagama Gamaarachchige Dinesh and Bhandari, Srishti and Won, Yoonkyung and Goutam, Umesh and Pulicherla, Krishna Kanth and Son, Young-Ok and Ghosh, Mrinmoy},
  journal={Computational and Structural Biotechnology Journal},
  year={2022},
  publisher={Elsevier}
}
@article{salyer2017prioritizing,
  title={{Prioritizing Zoonoses for Global Health Capacity Buildingâ€”Themes from One Health Zoonotic Disease Workshops in 7 Countries, 2014â€“-2016}},
  author={Salyer, Stephanie J and Silver, Rachel and Simone, Kerri and Behravesh, Casey Barton},
  journal={Emerging infectious diseases},
  volume={23},
  number={Suppl 1},
  pages={S55},
  year={2017},
  publisher={Centers for Disease Control and Prevention}
}

@article{grace2012mapping,
  title={Mapping of poverty and likely zoonoses hotspots},
  author={Grace, Delia and Mutua, Florence and Ochungo, Pamela and Kruska, RL and Jones, Kate and Brierley, Liam and Lapar, Ma and Said, Mohammed Yahya and Herrero, Mario T and Phuc, PM and others},
  year={2012},
  publisher={International Livestock Research Institute}
}

@misc{zodiac2021,
  title={{Zoonotic Disease Integrated Action Initiative}},
  author={{International Atomic Energy Agency}},
  year={2021},
  howpublished = {https://nucleus.iaea.org/sites/zodiac/Shared%20Documents/ZODIAC%20Project%20Document.pdf},
}

@article{gibbs2001recombination,
  title={{Recombination in the hemagglutinin gene of the 1918 "Spanish flu"}},
  author={Gibbs, Mark J and Armstrong, John S and Gibbs, Adrian J},
  journal={Science},
  volume={293},
  number={5536},
  pages={1842--1845},
  year={2001},
  publisher={American Association for the Advancement of Science}
}
@article{harismendy2009evaluation,
  title={Evaluation of next generation sequencing platforms for population targeted sequencing studies},
  author={Harismendy, Olivier and Ng, Pauline C and Strausberg, Robert L and Wang, Xiaoyun and Stockwell, Timothy B and Beeson, Karen Y and Schork, Nicholas J and Murray, Sarah S and Topol, Eric J and Levy, Samuel and others},
  journal={Genome biology},
  volume={10},
  number={3},
  pages={1--13},
  year={2009},
  publisher={BioMed Central}
}

@article{finotello2012comparative,
  title={Comparative analysis of algorithms for whole-genome assembly of pyrosequencing data},
  author={Finotello, Francesca and Lavezzo, Enrico and Fontana, Paolo and Peruzzo, Denis and Albiero, Alessandro and Barzon, Luisa and Falda, Marco and Di Camillo, Barbara and Toppo, Stefano},
  journal={Briefings in bioinformatics},
  volume={13},
  number={3},
  pages={269--280},
  year={2012},
  publisher={Oxford University Press}
}

